@article{ExpressivePower,
author = {M. Felleisen},
title = {On the Expressive Power of Programming Languages},
journal = {Science of Computer Programming},
volume = 17,
number = {1-3},
year = 1991,
pages = {35--75},
}

@inproceedings{Ingalls86,
author = {Ingalls, D. H. H.},
title = {A simple technique for handling multiple polymorphism},
year = {1986},
publisher = {ACM},
booktitle = {OOPSLA~'86},
pages = {347–349},
}


@inproceedings{chambers1992,
  title={Object-oriented multi-methods in {C}ecil},
  author={Chambers, C.},
  booktitle={ECOOP~'92},
  pages={33--56},
  year={1992},
}

@article{CLOS,
author = {Gabriel, R. and White, J. and Bobrow, D.},
year = {1991},
pages = {28-38},
title = {CLOS: Integrating Object-Oriented and Functional Programming.},
volume = {34},
journal = {Commun. ACM},
}

@inproceedings{BrachaC90Mixins,
  author       = {Gilad B. and
                  William R. C.},
  title        = {Mixin-based Inheritance},
  booktitle    = {{OOPSLA/ECOOP}~'90},
  pages        = {303--311},
  publisher    = {{ACM}},
  year         = {1990},
}

@inproceedings{flatt1998mixin,
  title={Classes and mixins},
  author={Flatt, M. and Krishnamurthi, S. and Felleisen, M.},
  booktitle={POPL~'98},
  pages={171--183},
  year={1998}
}

@inproceedings{AbstractingControl,
  author       = {O. Danvy and
                  A. Filinski},
  title        = {Abstracting Control},
  booktitle    = {LFP~90},
  pages        = {151--160},
  publisher    = {{ACM}},
  year         = {1990},
}

@article{CookP94,
  author       = {W. R. Cook and
                  J. Palsberg},
  title        = {A Denotational Semantics of Inheritance and Its Correctness},
  journal      = {Inf. Comput.},
  volume       = {114},
  number       = {2},
  pages        = {329--350},
  year         = {1994},
}

@article{KimYiDanvy98,
  title={Assessing the Overhead of ML Exceptions by Selective CPS Transformation},
  author={J. Kim and K. Yi and O. Danvy},
  journal={BRICS Report Series},
  year={1998},
  volume={5},
}

@article{ExpressionProblem,
  title={The expression problem},
  author={Wadler, P.},
  journal={The Java Genericity mailing list},
  year=1998
}

@inproceedings{SelectiveCPS,
  author       = {L. R. Nielsen},
  title        = {A Selective {CPS} Transformation},
  booktitle    = {MFPS~'01},
  volume       = {45},
  pages        = {311--331},
  year         = {2001},
}

@book{abadi96,
  author = {Abadi, Mart\'in and Cardelli, Luca},
  title = {A Theory of Objects},
  publisher = {Springer},
  year = {1996},
}

@article{DoubleBarrelCPS,
author = {Thielecke, H.},
year = {2002},
month = {09},
pages = {141-160},
title = {Comparing Control Constructs by Double-Barrelled CPS},
volume = {15},
journal = {Higher-Order and Symbolic Computation},
}


@inproceedings{APTS2013C,
author = {Abel, A. and Pientka, B. and Thibodeau, D. and Setzer, A.},
title = {Copatterns: Programming Infinite Structures by Observations},
booktitle = {POPL~'13},
year = 2013,
pages = {27--38},
publisher = {ACM},
}

@inproceedings{UnnestingCopatterns,
  author    = {A. Setzer and
               A. Abel and
               B. Pientka and
               D. Thibodeau},
  title     = {Unnesting of Copatterns},
  booktitle = {{RTA-TLCA}~'14},
  pages     = {31--45},
  year      = {2014},
}

@article{ElaboratingDependentCopatterns,
author = {Cockx, J. and Abel, A.},
title = {Elaborating dependent (co)pattern matching},
year = {2018},
publisher = {ACM},
volume = {2},
number = {ICFP},
journal = {Proceedings of the ACM on Programming Languages},
articleno = {75},
}

@inproceedings{DownenAriola2014CSCC,
author = {Downen, P. and Ariola, Z. M.},
title = {Compositional Semantics for Composable Continuations: From Abortive to Delimited Control},
booktitle = {ICFP~'14},
year = 2014,
pages = {109--122},
publisher = {ACM},
}

@mastersthesis{ThibodeauMasters,
  author = {Thibodeau, D.},
  title  = {Programming Infinite Structures using Copatterns},
  school = {School of Computer Science, Mcgill University, Montreal},
  year   = {2015},
}

@phdthesis{ThibodeauPhD,
  author = {Thibodeau, D.},
  title  = {An Intensional Type Theory of Coinduction using Copatterns},
  school = {School of Computer Science, Mcgill University, Montreal},
  year   = {2020},
}

@article{ProgrammablePL,
author = {Felleisen, M. and Findler, R. B. and Flatt, M. and Krishnamurthi, S. and Barzilay, E. and McCarthy, J. and Tobin-Hochstadt, S.},
title = {A programmable programming language},
year = {2018},
publisher = {ACM},
volume = {61},
number = {3},
journal = {Communications of the {ACM}},
pages = {62–71},
}

@inproceedings{LaforgueR17,
  author    = {P. Laforgue and
               Y. R{\'{e}}gis{-}Gianas},
  title     = {Copattern matching and first-class observations in {OCaml}, with a macro},
  booktitle = {PPDP~'17},
  pages     = {97--108},
  year      = {2017},
}
